@misc{willidea,
	author = {Marcus Will},
	howpublished = {pes\"onliches Gespr\"ach},
	year = {2021}
}


@misc{icd10,
	title = {{ICD-10-GM}},
	year = {2021},
	url = {https://www.dimdi.de/dynamic/de/klassifikationen/icd/icd-10-gm/},
	organization = {{Bundesministeriums f\"ur Gesundheit (BMG)}},
	institution = {{Bundesinstitut f\"ur Arzneimittel und Medizinprodukte (BfArM)}},
	note = {Zugriff am 22-09-2021}
}   	

@misc{icd10syst,
	title = {{Systematisches Verzeichnis der ICD-10-GM}},
	url = {https://www.dimdi.de/dynamic/de/klassifikationen/icd/icd-10-gm/systematik/},
	organization = {{Bundesministeriums f\"ur Gesundheit (BMG)}},
	institution = {{Bundesinstitut f\"ur Arzneimittel und Medizinprodukte (BfArM)}},
	note = {Zugriff am 22-09-2021}
}

@misc{icd10systauf,
	title = {{Aufbau der Vierstelligen ausf\"uhrlichen Systematik der ICD-10-GM}},
	url = {https://www.dimdi.de/dynamic/de/klassifikationen/icd/icd-10-gm/systematik/systematik/},
	institution = {{Bundesinstitut f\"ur Arzneimittel und Medizinprodukte (BfArM)}},
	organization = {{Bundesministeriums f\"ur Gesundheit (BMG)}},
	note = {Zugriff am 30-09-2021}
}

@misc{icd10alpha,
	title = {{Alphabetisches Verzeichnis zur ICD-10-GM}},
	url = {https://www.dimdi.de/dynamic/de/klassifikationen/icd/icd-10-gm/alphabet/},
	organization = {{Bundesministeriums f\"ur Gesundheit (BMG)}},
	institution = {{Bundesinstitut f\"ur Arzneimittel und Medizinprodukte (BfArM)}},
	note = {Zugriff am 22-09-2021}
}

@misc{readmel,
	title = {{LIESMICHDATEI}},
	month = {11},
	institution = {{Bundesinstitut f\"ur Arzneimittel und Medizinprodukte (BfArM)}},
	organization = {{Bundesministeriums f\"ur Gesundheit (BMG)}},
	year = {2020}
}

@article{influenza1,
	author = "Amato-Gauci, A and Zucs, P and Snacken, R and Ciancio, B and Lopez, V and Broberg, E and Penttinen, P and Nicoll, A and on behalf of the European Influenza Surveillance Network (EISN), collective",
	title = "Surveillance trends of the 2009 influenza A(H1N1) pandemic in Europe",
	journal = "Eurosurveillance",
	year = "2011",
	volume = "16",
	number = "26", 
	eid = 19903,
	pages = "",
	url = "https://www.eurosurveillance.org/content/10.2807/ese.16.26.19903-en",
	doi = "https://doi.org/10.2807/ese.16.26.19903-en" 
}

@article{influenza2,
	title = {Pandemic influenza control in {Europe} and the constraints resulting from incoherent public health laws},
	volume = {10},
	issn = {1471-2458},
	url = {https://doi.org/10.1186/1471-2458-10-532},
	doi = {10.1186/1471-2458-10-532},
	number = {1},
	journal = {BMC Public Health},
	author = {Martin, Robyn and Conseil, Alexandra and Longstaff, Abie and Kodo, Jimmy and Siegert, Joachim and Duguet, Anne-Marie and Lobato de Faria, Paula and Haringhuizen, George and Espin, Jaime and Coker, Richard},
	month = sep,
	year = {2010},
	pages = {532}
}

@article{denge1,
	doi = {10.1371/journal.pone.0230274},
	author = {Salami, Donald and Capinha, C\'esar AND Martins, Maria do Ros\'ario Oliveira and Sousa, Carla Alexandra},
	journal = {PLOS ONE},
	publisher = {Public Library of Science},
	title = {Dengue importation into Europe: A network connectivity-based approach},
	year = {2020},
	month = {03},
	volume = {15},
	url = {https://doi.org/10.1371/journal.pone.0230274},
	pages = {1-19},
	number = {3}
}

@article{denge2,
	title = {The invasive Asian tiger mosquito Aedes albopictus (Diptera: Culicidae) in Germany: Local reproduction and overwintering},
	journal = {Acta Tropica},
	volume = {166},
	pages = {186-192},
	year = {2017},
	issn = {0001-706X},
	doi = {https://doi.org/10.1016/j.actatropica.2016.11.024},
	url = {https://www.sciencedirect.com/science/article/pii/S0001706X16305472},
	author = {D. Walther and D.E. Scheuch and H. Kampen},
	keywords = {, Establishment, Germany, Mueckenatlas, Overwintering, Passive surveillance}
}

@article{corona1,
	author = {He, Feng and Deng, Yu and Li, Weina},
	title = {Coronavirus disease 2019: What we know?},
	journal = {Journal of Medical Virology},
	volume = {92},
	number = {7},
	pages = {719-725},
	keywords = {coronavirus, COVID-19, SARS-CoV-2},
	doi = {https://doi.org/10.1002/jmv.25766},
	url = {https://onlinelibrary.wiley.com/doi/abs/10.1002/jmv.25766},
	eprint = {https://onlinelibrary.wiley.com/doi/pdf/10.1002/jmv.25766},
	year = {2020}
}

@article{corona2,
	author = {Baig, Abdul Mannan},
	title = {Chronic COVID syndrome: Need for an appropriate medical terminology for long-COVID and COVID long-haulers},
	journal = {Journal of Medical Virology},
	volume = {93},
	number = {5},
	pages = {2555-2556},
	doi = {https://doi.org/10.1002/jmv.26624},
	url = {https://onlinelibrary.wiley.com/doi/abs/10.1002/jmv.26624},
	eprint = {https://onlinelibrary.wiley.com/doi/pdf/10.1002/jmv.26624},
	year = {2021}
}

@misc{diab09,
	title = {{Kommentar zur ICD-10-GM Version 2009}},
	month = {09},
	institution = {{Deutschen Institut f\"ur Medizinische Dokumentation und Information (DIMDI)}},
	organization = {{Bundesministeriums f\"ur Gesundheit (BMG)}},
	year = {2008}
}

@misc{diab14,
	title = {{Kommentar zur ICD-10-GM Version 2014}},
	month = {09},
	institution = {{Deutschen Institut f\"ur Medizinische Dokumentation und Information (DIMDI)}},
	organization = {{Bundesministeriums f\"ur Gesundheit (BMG)}},
	year = {2013}
}

@misc{readme13,
	title = {{LIESMICHDATEI}},
	month = {09},
	institution = {{Deutschen Institut f\"ur Medizinische Dokumentation und Information (DIMDI)}},
	organization = {{Bundesministeriums f\"ur Gesundheit (BMG)}},
	year = {2012}
}

@misc{readme17,
	title = {{LIESMICHDATEI}},
	month = {09},
	institution = {{Deutschen Institut f\"ur Medizinische Dokumentation und Information (DIMDI)}},
	organization = {{Bundesministeriums f\"ur Gesundheit (BMG)}},
	year = {2016}
}